

@book{Pfeifer2006,
 author               = {Rolf Pfeifer and Josh Bongard},
 journal              = {},
 publisher            = {The MIT Press},
 title                = {How the Body Shapes the Way We Think: A New View of Intelligence},
 year                 = {2006},
 }
 
 @book{Hebb1949,
 author={D.O. Hebb},
 publisher={New York: Wiley \& Sons.},
 title={The Organization of Behavior},
 year={1949},
 }
  
 @article{Sims1994,
	Journal = {Computer Graphics},
	Pages = {15-22},
	Author = {Karl Sims},
	Title = {Evolving Virtual Creatures},
	Year = {1994}}
	
@article{Moore1965,
 title={Cramming More Components onto Integrated Circuits},
  author={G.E. Moore},
  journal={Electronics},
 volume = {38},
number = {8},
pages = {114 - 117},
year = {1965},
}

@article{Oja1982,
title={Simplified neuron model as a principal component analyzer},
author={E. Oja},
journal={Journal of Mathematical Biology},
volume={15},
issue={3},
pages={267-273},
year={1982},
date={November 1982},
url={http://www.springerlink.com/content/u9u6120r003825u1/},
doi={10.1007/BF00275687},
pmid={7153672}
}

@MISC{bulletPhysics,
  title = {Bullet Physics Official Website},
  author = {Erwin Coumans},
  year = {2014},
  url = {http://bulletphysics.org/wordpress/}
}

@MISC{jMonkeyEngine,
  title = {jMonkey Engine Official Website},
  author = {Monkey},
  year = {2014},
  url = {http://bulletphysics.org/wordpress/}
}

@article{Schmidt2013,
	author={Schmidt, Nico and Hoffmann, Matej and Nakajima, Kohei and Pfeifer, Rolf},
	issn={0219-5259},
	journal={Advances in Complex Systems},
	pages={1250078-1250078},
	publisher={World Scientific Publishing Co. Pte. Ltd.},
	title={Bootstrapping perception using information theory: case studies in a quadruped robot running on different grounds},
	volume=16,
	year=2013,
}